@article{fuster2004upper,
  title={Upper processing stages of the perception-action cycle},
  author={Fuster, Joaqu{\'i}n M},
  journal={Trends in Cognitive Sciences},
  volume={8},
  number={4},
  pages={143-145},
  year={2004},
}

@book{frieden2004science,
  title={Science from Fisher information: {A} unification},
  author={Frieden, B Roy},
  year={2004},
  publisher={Cambridge Univ. Press}
}

@book{frieden2000physics,
  title={Physics from Fisher information: {A} unification},
  author={Frieden, B Roy},
  year={2000},
  publisher={AAPT}
}

@book{streater2007lost,
  title={Lost causes in and beyond physics},
  author={Streater, Raymond Frederick},
  year={2007},
  publisher={Springer-Verlag}
}

@article{lavis2002physics,
  title={Physics from {F}isher information},
  author={Lavis, DA and Streater, RF},
  year={2002},
  publisher={Elsevier},
journal={Studies in History and Philosophy of
Modern Physics},
 number={33},
pages={327-343}
}

@article{infotaxis,
author={Vergassola, M. and Villermaux, E. and Shraiman, B. I.},
year={2007},
title={`Infotaxis' as a strategy for searching without gradients},
journal={Nature},
volume={445},
number={7126}, 
pages={406-409}
}

@article{durrant2006simultaneous,
  title={Simultaneous localization and mapping},
  author={Durrant-Whyte, Hugh and Bailey, Tim},
  journal={IEEE Robotics \& Automation Magazine},
  volume={13},
  number={2 \& 3},
  pages={99-110 \& 108-117, resp.},
  year={2006},
  publisher={IEEE}
}

@inproceedings{ng2000algorithms,
  title={Algorithms for inverse reinforcement learning.},
  author={Ng, Andrew Y and Russell, Stuart J},
  booktitle={{IMCL}},
  pages={663-670},
  year={2000}
}

@inproceedings{kakade2002natural,
  title={A natural policy gradient},
  author={Kakade, Sham M},
  booktitle={Advances in Neural Information Processing Systems},
  pages={1531-1538},
  year={2002}
}

@inproceedings{abbeel2004apprenticeship,
  title={Apprenticeship learning via inverse reinforcement learning},
  author={Abbeel, Pieter and Ng, Andrew Y},
  booktitle={Proc. 21st International Conference on Machine Learning},
  pages={1},
  year={2004},
  organization={ACM}
}

@inproceedings{jaakkola1995reinforcement,
  title={Reinforcement learning algorithm for partially observable Markov decision problems},
  author={Jaakkola, Tommi and Singh, Satinder P and Jordan, Michael I},
  booktitle={Advances in Neural Information Processing Systems},
  pages={345-352},
  year={1995}
}

@article{amari1995information,
  title={Information geometry of the {EM} and em algorithms for neural networks},
  author={Amari, Shun-Ichi},
  journal={Neural Networks},
  volume={8},
  number={9},
  pages={1379-1408},
  year={1995},
}

@inproceedings{sutton2000policy,
  title={Policy gradient methods for reinforcement learning with function approximation},
  author={Sutton, Richard S. and McAllester, David A. and Singh, Satinder P. and Mansour, Yishay},
  booktitle={Advances in Neural Information Processing Systems},
  pages={1057-1063},
  year={2000}
}

@article{tschantz2020reinforcement,
  title={Reinforcement Learning through Active Inference},
  author={Tschantz, Alexander and Millidge, Beren and Seth, Anil K and Buckley, Christopher L},
  journal={arXiv preprint arXiv:2002.12636},
  year={2020}
}

@article{still2012information,
  title={An information-theoretic approach to curiosity-driven reinforcement learning},
  author={Still, Susanne and Precup, Doina},
  journal={Theory in Biosciences},
  volume={131},
  number={3},
  pages={139--148},
  year={2012},
  publisher={Springer}
}


@article{Longford1987Scoring,
    author = {Longford, Nicholas T.},
    title = {A fast scoring algorithm for maximum likelihood estimation in unbalanced mixed models with nested random effects},
    journal = {Biometrika},
    volume = {74},
    number = {4},
    pages = {817-827},
    year = {1987},
}

@article{Jennrich1976Newton,
    author = {Jennrich, R. I. and Sampson, P. F},
    title = {Newton-Raphson and related algorithms for maximum likelihood variance component estimation},
    journal = {Technometrics},
    volume = {18},
    pages = {11-17},
    year = {1976},
}

@book{walter2008cambridge,
  title={Cambridge advanced learner's dictionary},
  author={Walter, Elizabeth},
  year={2008},
  publisher={Cambridge University Press}
}

@article{laureiro2010neuroscientific,
  title={The neuroscientific foundations of the exploration- exploitation dilemma.},
  author={Laureiro-Mart{\'\i}nez, Daniella and Brusoni, Stefano and Zollo, Maurizio},
  journal={Journal of Neuroscience, Psychology, and Economics},
  volume={3},
  number={2},
  pages={95},
  year={2010},
  publisher={Educational Publishing Foundation}
}

@article{march1991exploration,
  title={Exploration and exploitation in organizational learning},
  author={March, James G},
  journal={Organization science},
  volume={2},
  number={1},
  pages={71--87},
  year={1991},
  publisher={INFORMS}
}

@article{prange2009role,
  title={The role of ambidexterity in marketing strategy implementation: Resolving the exploration-exploitation dilemma},
  author={Prange, Christiane and Schlegelmilch, Bodo B},
  journal={Business Research},
  volume={2},
  number={2},
  pages={215--240},
  year={2009},
  publisher={Springer}
}

@article{sutton1999reinforcement,
  title={Reinforcement learning},
  author={Sutton, Richard S and Barto, Andrew G},
  journal={Journal of Cognitive Neuroscience},
  volume={11},
  number={1},
  pages={126--134},
  year={1999}
}

@inproceedings{herrmann1995efficient,
  title={Efficient {Q}-Learning by division of labour},
  author={Herrmann, M and Der, R},
  booktitle={Proceedings ICANN},
  volume={95},
  pages={129--134},
  year={1995}
}

@book{sutton2018reinforcement,
  title={Reinforcement learning: {A}n Introduction},
  author={Sutton, Richard S and Barto, Andrew G},
  publisher={MIT Press},
  year={2018}
}

@article{peters2008natural,
  title={Natural actor-critic},
  author={Peters, Jan and Schaal, Stefan},
  journal={Neurocomputing},
  volume={71},
  number={7-9},
  pages={1180--1190},
  year={2008},
  publisher={Elsevier}
}

@inproceedings{klyubin2005empowerment,
  title={Empowerment: A universal agent-centric measure of control},
  author={Klyubin, Alexander S and Polani, Daniel and Nehaniv, Chrystopher L},
  booktitle={2005 IEEE Congress on Evolutionary Computation},
  volume={1},
  pages={128--135},
  year={2005},
  organization={IEEE}
}

@article{ahalt1990competitive,
  title={Competitive learning algorithms for vector quantization},
  author={Ahalt, Stanley C and Krishnamurthy, Ashok K and Chen, Prakoon and Melton, Douglas E},
  journal={Neural networks},
  volume={3},
  number={3},
  pages={277--290},
  year={1990},
  publisher={Pergamon}
}

@incollection{salge2014empowerment,
  title={Empowerment -- {A}n introduction},
  author={Salge, Christoph and Glackin, Cornelius and Polani, Daniel},
  booktitle={Guided Self-Organization: Inception},
  pages={67--114},
  year={2014},
  publisher={Springer}
}

@article{shannon1948mathematical,
  title={A mathematical theory of communication},
  author={Shannon, Claude E},
  journal={Bell system technical journal},
  volume={27},
  number={3},
  pages={379--423},
  year={1948},
  publisher={Wiley Online Library}
}

@article{friston2006free,
  title={A free energy principle for the brain},
  author={Friston, Karl and Kilner, James and Harrison, Lee},
  journal={Journal of Physiology-Paris},
  volume={100},
  number={1-3},
  pages={70--87},
  year={2006},
  publisher={Elsevier}
}

@article{klopf1988neuronal,
  title={A neuronal model of classical conditioning},
  author={Klopf, A Harry},
  journal={Psychobiology},
  volume={16},
  number={2},
  pages={85--125},
  year={1988},
  publisher={Springer}
}

@article{salge2017empowerment,
  title={Empowerment as replacement for the three laws of robotics},
  author={Salge, Christoph and Polani, Daniel},
  journal={Frontiers in Robotics and AI},
  volume={4},
  pages={25},
  year={2017},
  publisher={Frontiers}
}

@inproceedings{klyubin2005all,
  title={All else being equal be empowered},
  author={Klyubin, Alexander S and Polani, Daniel and Nehaniv, Chrystopher L},
  booktitle={European Conference on Artificial Life},
  pages={744--753},
  year={2005},
  organization={Springer}
}

@article{smith2018evaluation,
  title={Evaluation of internal models in autonomous learning},
  author={Smith, Sim{\'o}n C and Herrmann, J Michael},
  journal={IEEE Transactions on Cognitive and Developmental Systems},
  volume={11},
  number={4},
  pages={463--472},
  year={2019},
  publisher={IEEE}
}

@incollection{baird1995residual,
  title={Residual algorithms: Reinforcement learning with function approximation},
  author={Baird, Leemon},
  booktitle={Machine Learning Proceedings 1995},
  pages={30--37},
  year={1995},
  publisher={Elsevier}
}

@article{zhao2019learning,
  title={Learning Efficient Representation for Intrinsic Motivation},
  author={Zhao, Ruihan and Tiomkin, Stas and Abbeel, Pieter},
  journal={arXiv preprint arXiv:1912.02624},
  year={2019}
}

@inproceedings{pathak2017curiosity,
  title={Curiosity-driven exploration by self-supervised prediction},
  author={Pathak, Deepak and Agrawal, Pulkit and Efros, Alexei A and Darrell, Trevor},
  booktitle={Proceedings of the IEEE Conference on Computer Vision and Pattern Recognition Workshops},
  pages={16--17},
  year={2017}
}

@article{thrun2002probabilistic,
  title={Probabilistic robotics},
  author={Thrun, Sebastian},
  journal={Communications of the ACM},
  volume={45},
  number={3},
  pages={52--57},
  year={2002},
  publisher={ACM New York, NY, USA}
}

@inproceedings{chentanez2005intrinsically,
  title={Intrinsically motivated reinforcement learning},
  author={Chentanez, Nuttapong and Barto, Andrew G and Singh, Satinder P},
  booktitle={Advances in Neural Information Processing Systems},
  pages={1281--1288},
  year={2005}
}

@book{der2012playful,
  title={The playful machine: {T}heoretical foundation and practical realization of self-organizing robots},
  author={Der, Ralf and Martius, Georg},
  volume={15},
  year={2012},
  publisher={Springer Science \& Business Media}
}

@misc{bialek1999predictive,
    title={Predictive Information},
    author={William Bialek and Naftali Tishby},
    year={1999},
    note={arXiv/cond-mat/9902341},
}

@inproceedings{blaes2019control,
  title={Control What You Can: Intrinsically Motivated Task-Planning Agent},
  author={Blaes, Sebastian and Pogan{\v{c}}i{\'c}, Marin Vlastelica and Zhu, Jiajie and Martius, Georg},
  booktitle={Advances in Neural Information Processing Systems},
  pages={12520--12531},
  year={2019}
}

@article{finn2016connection,
  title={A connection between generative adversarial networks, inverse reinforcement learning, and energy-based models},
  author={Finn, Chelsea and Christiano, Paul and Abbeel, Pieter and Levine, Sergey},
  journal={arXiv preprint arXiv:1611.03852},
  year={2016}
}

@inproceedings{ziebart2008maximum,
  title={Maximum entropy inverse reinforcement learning.},
  author={Ziebart, Brian D and Maas, Andrew L and Bagnell, J Andrew and Dey, Anind K},
  booktitle={Proc. 23$^{\rm rd}$ AAAI Conference on Artificial Intelligence},
  volume={8},
  pages={1433--1438},
  year={2008},
  organization={Chicago, IL, USA}
}

@inproceedings{balakrishnan2019incorporating,
  title={Incorporating behavioral constraints in online AI systems},
  author={Balakrishnan, Avinash and Bouneffouf, Djallel and Mattei, Nicholas and Rossi, Francesca},
  booktitle={Proceedings of the AAAI Conference on Artificial Intelligence},
  volume={33},
  pages={3--11},
  year={2019}
}

@article{pfau2016connecting,
  title={Connecting generative adversarial networks and actor-critic methods},
  author={Pfau, David and Vinyals, Oriol},
  journal={arXiv preprint arXiv:1610.01945},
  year={2016}
}

@article{kaelbling1998planning,
  title={Planning and acting in partially observable stochastic domains},
  author={Kaelbling, Leslie Pack and Littman, Michael L and Cassandra, Anthony R},
  journal={Artificial intelligence},
  volume={101},
  number={1-2},
  pages={99--134},
  year={1998},
  publisher={Elsevier}
}

@article{leike2017ai,
  title={AI safety gridworlds},
  author={Leike, Jan and Martic, Miljan and Krakovna, Victoria and Ortega, Pedro A and Everitt, Tom and Lefrancq, Andrew and Orseau, Laurent and Legg, Shane},
  journal={arXiv preprint arXiv:1711.09883},
  year={2017}
}

@article{amodei2016concrete,
  title={Concrete problems in AI safety},
  author={Amodei, Dario and Olah, Chris and Steinhardt, Jacob and Christiano, Paul and Schulman, John and Man{\'e}, Dan},
  journal={arXiv preprint arXiv:1606.06565},
  year={2016}
}


@article{mahajan2017symmetry,
  title={Symmetry learning for function approximation in reinforcement learning},
  author={Mahajan, Anuj and Tulabandhula, Theja},
  journal={arXiv preprint 1706.02999},
  year={2017}
}

@techreport{Ravindran2001,
author = {Ravindran, B. and Barto, A. G.},
title = {Symmetries and Model Minimization in Markov Decision Processes},
year = {2001},
address = {USA},
institution={University of Massachusetts, Computer and Information Science Dept. Graduate Research Center Amherst, MA}
}

  


